@book{1,
  title={Mastering Python Data Analysis},
  author={Persson, Magnus Vilhelm and Martins, Luiz Felipe},
  year={2016},
  publisher={Packt Publishing Ltd}
}

@book{2,
  title={Bayesian analysis with Python},
  author={Martin, Osvaldo},
  year={2016},
  publisher={Packt Publishing Ltd}
}

@article{3,
  title={An introduction to MCMC for machine learning},
  author={Andrieu, Christophe and De Freitas, Nando and Doucet, Arnaud and Jordan, Michael I},
  journal={Machine learning},
  volume={50},
  number={1-2},
  pages={5--43},
  year={2003},
  publisher={Springer}
}

@online{4,
    author = "Tans, Pieter and Thoning, Kirk",
    title = "How we measure background CO2 levels on Mauna Loa",
    note  = "https://www.esrl.noaa.gov/gmd/ccgg/about/co2\_measurements.html",
    year = "(updated: 03.2018)"
}

@article{5,
  author = "Betoule, M and Others",
  title = "Improved cosmological constraints from a joint analysis of the SDSS-II and SNLS supernova samples",
  journal = "aap",
  year = "2014",
  volume = "568",
  note = "Provided by the SAO/NASA Astrophysics Data System"
}